<?xml version="1.0" encoding="UTF-8"?><collection xmlns="http://www.loc.gov/MARC21/slim"><record><leader>00482nam--2200133-i-4500</leader><controlfield tag="001">000019537</controlfield><controlfield tag="002">20161230</controlfield><controlfield tag="005">20161230201033</controlfield><controlfield tag="008">060222s1000------------r-----000-0-eng-d</controlfield><datafield ind1=" " ind2=" " tag="080"><subfield code="a">539.171.5(047)</subfield></datafield><datafield ind1=" " ind2=" " tag="100"><subfield code="a">Gershtein, S., Folomeshkin, V.N., Khlopov, M</subfield></datafield><datafield ind1=" " ind2=" " tag="245"><subfield code="a">P-odd effects in n-scattering at low energies and determination of the isotopical structure of the weak nomleptonic interaction</subfield></datafield><datafield ind1=" " ind2=" " tag="260"><subfield code="a">Serpukhov, Institute For High Energy Physics, 1974.   24 P</subfield></datafield><datafield ind1=" " ind2=" " tag="852"><subfield code="a">60595</subfield></datafield></record></collection>